<?xml version="1.0" encoding="UTF-8"?>
<record xmlns="http://www.loc.gov/MARC21/slim" xmlns:xsi="http://www.w3.org/2001/XMLSchema-instance" xsi:schemaLocation="http://www.loc.gov/MARC21/slim http://www.loc.gov/standards/marcxml/schema/MARC21slim.xsd">
<leader>00000cam a22      a 4500</leader>
<controlfield tag="001">000519484</controlfield>
<controlfield tag="003">NNU</controlfield>
<controlfield tag="005">20150623161700.0</controlfield>
<controlfield tag="008">960110s1962    sy h     b   f000 0 arao</controlfield>
<datafield tag="010" ind1=" " ind2=" ">
<subfield code="a">ne 64000429</subfield>
</datafield>
<datafield tag="035" ind1=" " ind2=" ">
<subfield code="a">(OCoLC)34014374</subfield>
<subfield code="z">(OCoLC)234891285</subfield>
<subfield code="z">(OCoLC)889712764</subfield>
</datafield>
<datafield tag="040" ind1=" " ind2=" ">
<subfield code="a">DLC</subfield>
<subfield code="b">eng</subfield>
<subfield code="c">CUY</subfield>
<subfield code="d">OSU</subfield>
<subfield code="d">OCLCA</subfield>
<subfield code="d">OCLCO</subfield>
<subfield code="d">OCLCF</subfield>
<subfield code="d">DLC</subfield>
<subfield code="d">NNU</subfield>
</datafield>
<datafield tag="050" ind1="0" ind2="0">
<subfield code="a">KBP440.62.Z36</subfield>
<subfield code="b">A38 1962</subfield>
</datafield>
<datafield tag="100" ind1="1" ind2=" ">
<subfield code="6">880-01</subfield>
<subfield code="a">Zanjānī, Maḥmūd ibn Aḥmad,</subfield>
<subfield code="d">1177 or 1178-1258.</subfield>
</datafield>
<datafield tag="245" ind1="1" ind2="0">
<subfield code="6">880-02</subfield>
<subfield code="a">Takhrīj al-furūʻ ʻalā al-uṣūl /</subfield>
<subfield code="c">li-Abī al-Manāqib Shihāb al-Dīn Maḥmūd ibn Aḥmad al-Zanjānī ; ḥaqqaqahu wa-ʻallaqa ʻalayhi Muḥammad Adīb Ṣāliḥ ; qaddama lahu Muḥammad Sallām Madkūr.</subfield>
</datafield>
<datafield tag="260" ind1=" " ind2=" ">
<subfield code="6">880-03</subfield>
<subfield code="a">Dimashq :</subfield>
<subfield code="b">Jāmiʻat Dimashq, Kulliyat al-Sharīʻah,</subfield>
<subfield code="c">[1962]</subfield>
</datafield>
<datafield tag="300" ind1=" " ind2=" ">
<subfield code="a">44, 278 pages :</subfield>
<subfield code="b">facsimiles ;</subfield>
<subfield code="c">25 cm</subfield>
</datafield>
<datafield tag="336" ind1=" " ind2=" ">
<subfield code="a">text</subfield>
<subfield code="b">txt</subfield>
<subfield code="2">rdacontent</subfield>
</datafield>
<datafield tag="337" ind1=" " ind2=" ">
<subfield code="a">unmediated</subfield>
<subfield code="b">n</subfield>
<subfield code="2">rdamedia</subfield>
</datafield>
<datafield tag="338" ind1=" " ind2=" ">
<subfield code="a">volume</subfield>
<subfield code="b">nc</subfield>
<subfield code="2">rdacarrier</subfield>
</datafield>
<datafield tag="500" ind1=" " ind2=" ">
<subfield code="a">"Yanshuru li-awwal murrah ʻan nuskhatayn makhṭūṭatayn."</subfield>
</datafield>
<datafield tag="504" ind1=" " ind2=" ">
<subfield code="a">Includes bibliographical references (pages 269-276).</subfield>
</datafield>
<datafield tag="650" ind1=" " ind2="0">
<subfield code="a">Islamic law.</subfield>
</datafield>
<datafield tag="650" ind1=" " ind2="7">
<subfield code="a">Islamic law.</subfield>
<subfield code="2">fast</subfield>
<subfield code="0">(OCoLC)fst00979949</subfield>
</datafield>
<datafield tag="700" ind1="1" ind2=" ">
<subfield code="6">880-04</subfield>
<subfield code="a">Ṣāliḥ, Muḥammad Adīb.</subfield>
</datafield>
<datafield tag="700" ind1="1" ind2=" ">
<subfield code="6">880-05</subfield>
<subfield code="a">Madkūr, Muḥammad Sallām.</subfield>
</datafield>
<datafield tag="776" ind1="0" ind2="8">
<subfield code="i">Online version:</subfield>
<subfield code="a">Zanjānī, Maḥmūd ibn Aḥmad, 1177 or 8-1258.</subfield>
<subfield code="t">Takhrīj al-furūʻ ʻalā al-uṣūl.</subfield>
<subfield code="d">Dimashq : Jāmiʻat Dimashq, Kulliyat al-Sharīʻah, [1962]</subfield>
<subfield code="w">(OCoLC)604853297</subfield>
</datafield>
<datafield tag="880" ind1="1" ind2=" ">
<subfield code="6">100-01/</subfield>
<subfield code="a">زنجاني، محمود بن احمد،</subfield>
<subfield code="d">1177 or 1178-1258.</subfield>
</datafield>
<datafield tag="880" ind1="1" ind2="0">
<subfield code="6">245-02/</subfield>
<subfield code="a">تخريج الفروع على الصول /</subfield>
<subfield code="c">لابي المناقب شهاب الدين محمود بن احمد الزنجاني ؛ حققه وعلق عليه محمد اديب صالح ؛ قدم له محمد سلام مدكور.</subfield>
</datafield>
<datafield tag="880" ind1=" " ind2=" ">
<subfield code="6">260-03/</subfield>
<subfield code="a">دمشق :</subfield>
<subfield code="b">جامعة دمشق، كلية الشريعة،</subfield>
<subfield code="c">[1962]</subfield>
</datafield>
<datafield tag="880" ind1="1" ind2=" ">
<subfield code="6">700-04/</subfield>
<subfield code="a">صالح، محمد اديب.</subfield>
</datafield>
<datafield tag="880" ind1="1" ind2=" ">
<subfield code="6">700-05/</subfield>
<subfield code="a">مدكور، محمد سلام.</subfield>
</datafield>
<datafield tag="OWN" ind1=" " ind2=" ">
<subfield code="a">GENERAL</subfield>
</datafield>
<datafield tag="AVA" ind1=" " ind2=" ">
<subfield code="a">NYU50</subfield>
<subfield code="b">BOBST</subfield>
<subfield code="c">Main Collection</subfield>
<subfield code="d">BP175.J5 Z3</subfield>
<subfield code="e">unavailable</subfield>
<subfield code="t">Unavailable</subfield>
<subfield code="f">1</subfield>
<subfield code="g">1</subfield>
<subfield code="h">N</subfield>
<subfield code="i">1</subfield>
<subfield code="j">MAIN</subfield>
<subfield code="k">0</subfield>
</datafield>
</record>
